@inproceedings{Zayer:2016:PHI:2967934.2968079,
 author = {Zayer, Majed Al and Tregillus, Sam and Folmer, Eelke},
 title = {PAWdio: Hand Input for Mobile VR Using Acoustic Sensing},
 booktitle = {Proceedings of the 2016 Annual Symposium on Computer-Human Interaction in Play},
 series = {CHI PLAY '16},
 year = {2016},
 isbn = {978-1-4503-4456-2},
 location = {Austin, Texas, USA},
 pages = {154--158},
 numpages = {5},
 url = {http://doi.acm.org/10.1145/2967934.2968079},
 doi = {10.1145/2967934.2968079},
 acmid = {2968079},
 publisher = {ACM},
 address = {New York, NY, USA},
 keywords = {acoustic sensing, virtual reality, games, hand tracking, head-mounted display, immersion, natural input, switch input},
}

@inproceedings{Azmandian:2016:HRD:2858036.2858226,
 author = {Azmandian, Mahdi and Hancock, Mark and Benko, Hrvoje and Ofek, Eyal and Wilson, Andrew D.},
 title = {Haptic Retargeting: Dynamic Repurposing of Passive Haptics for Enhanced Virtual Reality Experiences},
 booktitle = {Proceedings of the 2016 CHI Conference on Human Factors in Computing Systems},
 series = {CHI '16},
 year = {2016},
 isbn = {978-1-4503-3362-7},
 location = {Santa Clara, California, USA},
 pages = {1968--1979},
 numpages = {12},
 url = {http://doi.acm.org/10.1145/2858036.2858226},
 doi = {10.1145/2858036.2858226},
 acmid = {2858226},
 publisher = {ACM},
 address = {New York, NY, USA},
 keywords = {haptics, perception, virtual reality},
}

@inproceedings{Tan:2015:EGE:2793107.2793117,
 author = {Tan, Chek Tien and Leong, Tuck Wah and Shen, Songjia and Dubravs, Christopher and Si, Chen},
 title = {Exploring Gameplay Experiences on the Oculus Rift},
 booktitle = {Proceedings of the 2015 Annual Symposium on Computer-Human Interaction in Play},
 series = {CHI PLAY '15},
 year = {2015},
 isbn = {978-1-4503-3466-2},
 location = {London, United Kingdom},
 pages = {253--263},
 numpages = {11},
 url = {http://doi.acm.org/10.1145/2793107.2793117},
 doi = {10.1145/2793107.2793117},
 acmid = {2793117},
 publisher = {ACM},
 address = {New York, NY, USA},
 keywords = {game user research, head tracking, head-mounted displays, oculus rift, psychophysiology, think-aloud, virtual reality},
} 

@inproceedings{Bozgeyikli:2016:PTL:2967934.2968105,
 author = {Bozgeyikli, Evren and Raij, Andrew and Katkoori, Srinivas and Dubey, Rajiv},
 title = {Point \&\#38; Teleport Locomotion Technique for Virtual Reality},
 booktitle = {Proceedings of the 2016 Annual Symposium on Computer-Human Interaction in Play},
 series = {CHI PLAY '16},
 year = {2016},
 isbn = {978-1-4503-4456-2},
 location = {Austin, Texas, USA},
 pages = {205--216},
 numpages = {12},
 url = {http://doi.acm.org/10.1145/2967934.2968105},
 doi = {10.1145/2967934.2968105},
 acmid = {2968105},
 publisher = {ACM},
 address = {New York, NY, USA},
 keywords = {locomotion, teleportation, virtual reality},
} 

@inproceedings{Ranasinghe:2016:VSS:2984751.2985729,
	author = {Ranasinghe, Nimesha and Do, Ellen Yi-Luen},
	title = {Virtual Sweet: Simulating Sweet Sensation Using Thermal Stimulation on the Tip of the Tongue},
	booktitle = {Proceedings of the 29th Annual Symposium on User Interface Software and Technology},
	series = {UIST '16 Adjunct},
	year = {2016},
	isbn = {978-1-4503-4531-6},
	location = {Tokyo, Japan},
	pages = {127--128},
	numpages = {2},
	url = {http://doi.acm.org/10.1145/2984751.2985729},
	doi = {10.1145/2984751.2985729},
	acmid = {2985729},
	publisher = {ACM},
	address = {New York, NY, USA},
	keywords = {multimodal interaction, sweet, thermal taste, virtual reality, virtual sweet},
} 

@inproceedings{stanney1997cybersickness,
  title={Cybersickness is not simulator sickness},
  author={Stanney, Kay M and Kennedy, Robert S and Drexler, Julie M},
  booktitle={Proceedings of the Human Factors and Ergonomics Society annual meeting},
  volume={41},
  number={2},
  pages={1138--1142},
  year={1997},
  organization={SAGE Publications}
}

@article{lo2001cybersickness,
  title={Cybersickness in the presence of scene rotational movements along different axes},
  author={Lo, WT and So, Richard HY},
  journal={Applied ergonomics},
  volume={32},
  number={1},
  pages={1--14},
  year={2001},
  publisher={Elsevier}
}

@article{LaViola:2000:DCV:333329.333344,
 author = {LaViola,Jr., Joseph J.},
 title = {A Discussion of Cybersickness in Virtual Environments},
 journal = {SIGCHI Bull.},
 issue_date = {Jan. 2000},
 volume = {32},
 number = {1},
 month = jan,
 year = {2000},
 issn = {0736-6906},
 pages = {47--56},
 numpages = {10},
 url = {http://doi.acm.org/10.1145/333329.333344},
 doi = {10.1145/333329.333344},
 acmid = {333344},
 publisher = {ACM},
 address = {New York, NY, USA},
}

@article{mantovani2003virtual,
  title={Virtual reality training for health-care professionals},
  author={Mantovani, Fabrizia and Castelnuovo, Gianluca and Gaggioli, Andrea and Riva, Giuseppe},
  journal={CyberPsychology \& Behavior},
  volume={6},
  number={4},
  pages={389--395},
  year={2003},
  publisher={Mary Ann Liebert, Inc.}
}

@online{youtube,
    title = {Some cool motion sensor stuff},
    date = {November, 5., 2015},
    organization = {Quantic Foundry},
    author = {Yee, Nick},
    url = {http://quanticfoundry.com/2016/04/07/gdc-talk/},
}
